<?xml version="1.0" encoding="UTF-8"?>
<record xmlns="http://www.loc.gov/MARC21/slim">
   <leader>01508cam a2200385 a 4500</leader>
   <controlfield tag="001">2020009</controlfield>
   <controlfield tag="005">19970702055512.0</controlfield>
   <controlfield tag="008">971209s1997    abcab    b    100 0 eng d</controlfield>
   <datafield tag="016" ind1=" " ind2=" ">
      <subfield code="a">979106621</subfield>
   </datafield>
   <datafield tag="020" ind1=" " ind2=" ">
      <subfield code="a">077325370X</subfield>
   </datafield>
   <datafield tag="035" ind1=" " ind2=" ">
      <subfield code="a">ocm37368684</subfield>
   </datafield>
   <datafield tag="040" ind1=" " ind2=" ">
      <subfield code="a">CaBVAU</subfield>
      <subfield code="b">eng</subfield>
      <subfield code="c">CaOONL</subfield>
      <subfield code="d">AEU</subfield>
   </datafield>
   <datafield tag="055" ind1=" " ind2="3">
      <subfield code="a">QL737 C25</subfield>
      <subfield code="b">I67 1997</subfield>
   </datafield>
   <datafield tag="082" ind1="0" ind2=" ">
      <subfield code="a">599.76/65</subfield>
      <subfield code="2">21</subfield>
   </datafield>
   <datafield tag="090" ind1=" " ind2=" ">
      <subfield code="a">QL 737 C25 I67 1997</subfield>
      <subfield code="b">AVC</subfield>
   </datafield>
   <datafield tag="090" ind1="0" ind2=" ">
      <subfield code="a">QL 737 C25 I67 1997</subfield>
      <subfield code="b">AEU</subfield>
   </datafield>
   <datafield tag="111" ind1="2" ind2=" ">
      <subfield code="a">International Martes Symposium</subfield>
      <subfield code="n">(2nd :</subfield>
      <subfield code="d">1995 :</subfield>
      <subfield code="c">Edmonton, Alta.)</subfield>
   </datafield>
   <datafield tag="240" ind1="0" ind2="0">
      <subfield code="a">Martes :</subfield>
      <subfield code="b">taxonomy, ecology, techniques, and management : proceedings of the Second International Martes Symposium /</subfield>
      <subfield code="c">edited by Gilbert Proulx, Harold N. Bryant, Paul M. Woodard.</subfield>
   </datafield>
   <datafield tag="245" ind1="1" ind2="0">
      <subfield code="a">Martes : taxonomy, ecology, techniques, and management : proceedings of the Second International Martes Symposium 1997</subfield>
      <subfield code="b">taxonomy, ecology, techniques, and management : proceedings of the Second International Martes Symposium /</subfield>
      <subfield code="c">edited by Gilbert Proulx, Harold N. Bryant, Paul M. Woodard.</subfield>
   </datafield>
   <datafield tag="260" ind1=" " ind2=" ">
      <subfield code="a">Edmonton :</subfield>
      <subfield code="b">Provincial Museum of Alberta,</subfield>
      <subfield code="c">1997.</subfield>
   </datafield>
   <datafield tag="300" ind1=" " ind2=" ">
      <subfield code="a">xv, 474 p. :</subfield>
      <subfield code="b">ill., maps (some col.) ;</subfield>
      <subfield code="c">24 cm.</subfield>
   </datafield>
   <datafield tag="336" ind1=" " ind2=" ">
      <subfield code="a">text</subfield>
      <subfield code="b">txt</subfield>
      <subfield code="2">rdacontent</subfield>
   </datafield>
   <datafield tag="337" ind1=" " ind2=" ">
      <subfield code="a">unmediated</subfield>
      <subfield code="b">n</subfield>
      <subfield code="2">rdamedia</subfield>
   </datafield>
   <datafield tag="338" ind1=" " ind2=" ">
      <subfield code="a">volume</subfield>
      <subfield code="b">nc</subfield>
      <subfield code="2">rdacarrier</subfield>
   </datafield>
   <datafield tag="504" ind1=" " ind2=" ">
      <subfield code="a">Includes bibliographical references.</subfield>
   </datafield>
   <datafield tag="596" ind1=" " ind2=" ">
      <subfield code="a">38 48 53</subfield>
   </datafield>
   <datafield tag="650" ind1=" " ind2="0">
      <subfield code="a">Martes</subfield>
      <subfield code="v">Congresses.</subfield>
   </datafield>
   <datafield tag="650" ind1=" " ind2="0">
      <subfield code="a">Martes</subfield>
      <subfield code="x">Ecology</subfield>
      <subfield code="v">Congresses.</subfield>
   </datafield>
   <datafield tag="700" ind1="1" ind2=" ">
      <subfield code="a">Proulx, Gilbert,</subfield>
      <subfield code="d">1954-</subfield>
   </datafield>
   <datafield tag="700" ind1="1" ind2=" ">
      <subfield code="a">Bryant, Harold N.</subfield>
      <subfield code="q">(Harold Norman),</subfield>
      <subfield code="d">1951-</subfield>
   </datafield>
   <datafield tag="700" ind1="1" ind2=" ">
      <subfield code="a">Woodard, Paul M.,</subfield>
      <subfield code="d">1947-</subfield>
   </datafield>
   <datafield tag="710" ind1="2" ind2=" ">
      <subfield code="a">Provincial Museum of Alberta.</subfield>
   </datafield>
   <datafield tag="711" ind1="2" ind2=" ">
      <subfield code="a">International Martes Symposium.</subfield>
   </datafield>
   <datafield tag="926" ind1=" " ind2=" ">
      <subfield code="a">UABARD</subfield>
      <subfield code="b">ON_SHELF</subfield>
      <subfield code="c">QL 737 C25 I67 1997</subfield>
      <subfield code="d">BOOK</subfield>
      <subfield code="f">1</subfield>
   </datafield>
   <datafield tag="926" ind1=" " ind2=" ">
      <subfield code="a">UASCITECH</subfield>
      <subfield code="b">ON_SHELF</subfield>
      <subfield code="c">QL 737 C25 I67 1997</subfield>
      <subfield code="d">BOOK</subfield>
      <subfield code="f">1</subfield>
   </datafield>
   <datafield tag="926" ind1=" " ind2=" ">
      <subfield code="a">LAKELND_VR</subfield>
      <subfield code="b">ON_SHELF</subfield>
      <subfield code="c">QL 737 C25 I67 1997</subfield>
      <subfield code="d">BOOK</subfield>
      <subfield code="f">1</subfield>
   </datafield>
</record>
